@misc{kaggle2025,
  author = {Kaggle},
  title = {Alzheimer's Disease Dataset},
  year = {2025},
  howpublished = {\url{https://www.kaggle.com/datasets/rabieelkharoua/alzheimers-disease-dataset?resource=download}},
  note = {Recuperado de Kaggle}
}

@book{wickham2017,
  author = {Hadley Wickham and Garrett Grolemund},
  title = {R for Data Science},
  year = {2017},
  publisher = {O'Reilly Media},
  note = {Capítulos utilizados: 3, 5, 11, 19 y 27}
}

@misc{tidyverse2025,
  author = {Tidyverse},
  title = {Documentación oficial de Tidyverse},
  year = {2025},
  howpublished = {\url{https://www.tidyverse.org/}},
  note = {Consultado en línea}
}

@misc{kuhn2025,
  author = {Max Kuhn},
  title = {Documentación oficial del paquete caret},
  year = {2025},
  howpublished = {\url{https://topepo.github.io/caret/}},
  note = {Consultado en línea}
}
